@misc{bao2010,
	title={人工智能导论},
	author={鲍军鹏，张选平},
	year={2010},
	publisher={北京: 机械工业出版社}
}
@inproceedings{grefenstette1985genetic,
	title={Genetic algorithms for the traveling salesman problem},
	author={Grefenstette, John and Gopal, Rajeev and Rosmaita, Brian and Van Gucht, Dirk},
	booktitle={Proceedings of the first International Conference on Genetic Algorithms and their Applications},
	pages={160--168},
	year={1985},
	organization={Lawrence Erlbaum, New Jersey (160-168)}
}
@article{gutin2007greedy,
	title={The greedy algorithm for the symmetric TSP},
	author={Gutin, Gregory and Yeo, Anders},
	journal={Algorithmic Operations Research},
	volume={2},
	number={1},
	pages={33--36},
	year={2007}
}
@misc{data1,
	author = {G. Reinelt},
	title = {TSPLIB},
	note = {http://comopt.ifi.uni-heidelberg.de/software/TSPLIB95/},
	year = 1995
}